@article{gillis2014and,
  title={The why and how of nonnegative matrix factorization},
  author={Gillis, Nicolas},
  journal={Regularization, optimization, kernels, and support vector machines},
  volume={12},
  number={257},
  pages={257--291},
  year={2014},
  publisher={Chapman \& Hall/CRC}
}

@article{scikit-learn,
 title={Scikit-learn: Machine Learning in {P}ython},
 author={Pedregosa, F. and Varoquaux, G. and Gramfort, A. and Michel, V.
         and Thirion, B. and Grisel, O. and Blondel, M. and Prettenhofer, P.
         and Weiss, R. and Dubourg, V. and Vanderplas, J. and Passos, A. and
         Cournapeau, D. and Brucher, M. and Perrot, M. and Duchesnay, E.},
 journal={Journal of Machine Learning Research},
 volume={12},
 pages={2825--2830},
 year={2011}
}

@article{von2007tutorial,
  title={A tutorial on spectral clustering},
  author={Von Luxburg, Ulrike},
  journal={Statistics and computing},
  volume={17},
  number={4},
  pages={395--416},
  year={2007},
  publisher={Springer}
}

@article{maaten2008visualizing,
  title={Visualizing data using t-SNE},
  author={Maaten, Laurens van der and Hinton, Geoffrey},
  journal={Journal of machine learning research},
  volume={9},
  number={Nov},
  pages={2579--2605},
  year={2008}
}

@misc{lamacraftausten,
  title = {The why and how of nonnegative matrix factorization},
  author = {Lamacraft Austen},
  howpublished = {\url{https://blog.acolyer.org/2019/02/18/the-why-and-how-of-nonnegative-matrix-factorization/}}
}

@book{tan2016introduction,
  title={Introduction to data mining},
  author={Tan, Pang-Ning and Steinbach, Michael and Kumar, Vipin},
  year={2016},
  publisher={Pearson Education India}
}

@ARTICLE{2020SciPy-NMeth,
       author = {{Virtanen}, Pauli and {Gommers}, Ralf and {Oliphant},
         Travis E. and {Haberland}, Matt and {Reddy}, Tyler and
         {Cournapeau}, David and {Burovski}, Evgeni and {Peterson}, Pearu
         and {Weckesser}, Warren and {Bright}, Jonathan and {van der Walt},
         St{\'e}fan J.  and {Brett}, Matthew and {Wilson}, Joshua and
         {Jarrod Millman}, K.  and {Mayorov}, Nikolay and {Nelson}, Andrew
         R.~J. and {Jones}, Eric and {Kern}, Robert and {Larson}, Eric and
         {Carey}, CJ and {Polat}, {\.I}lhan and {Feng}, Yu and {Moore},
         Eric W. and {Vand erPlas}, Jake and {Laxalde}, Denis and
         {Perktold}, Josef and {Cimrman}, Robert and {Henriksen}, Ian and
         {Quintero}, E.~A. and {Harris}, Charles R and {Archibald}, Anne M.
         and {Ribeiro}, Ant{\^o}nio H. and {Pedregosa}, Fabian and
         {van Mulbregt}, Paul and {Contributors}, SciPy 1. 0},
        title = "{SciPy 1.0: Fundamental Algorithms for Scientific
                  Computing in Python}",
      journal = {Nature Methods},
      year = "2020",
      volume={17},
      pages={261--272},
      adsurl = {https://rdcu.be/b08Wh},
      doi = {https://doi.org/10.1038/s41592-019-0686-2},
}

@INPROCEEDINGS{Ester96adensity-based,
    author = {Martin Ester and Hans-Peter Kriegel and JÃ¶rg Sander and Xiaowei Xu},
    title = {A density-based algorithm for discovering clusters in large spatial databases with noise},
    booktitle = {},
    year = {1996},
    pages = {226--231},
    publisher = {AAAI Press}
}

@article{ankerst1999optics,
  title={OPTICS: ordering points to identify the clustering structure},
  author={Ankerst, Mihael and Breunig, Markus M and Kriegel, Hans-Peter and Sander, J{\"o}rg},
  journal={ACM Sigmod record},
  volume={28},
  number={2},
  pages={49--60},
  year={1999},
  publisher={ACM New York, NY, USA}
}

@article{luecken2019current,
  title={Current best practices in single-cell RNA-seq analysis: a tutorial},
  author={Luecken, Malte D and Theis, Fabian J},
  journal={Molecular systems biology},
  volume={15},
  number={6},
  year={2019},
  publisher={John Wiley \& Sons, Ltd}
}

@inproceedings{shaikh2019classification,
  title={Classification of Five Cell Types from PBMC Samples using Single Cell Transcriptomics and Artificial Neural Networks},
  author={Shaikh, Razin Abdulrauf and Zhong, Jiahui and Lyu, Minjie and Lin, Sen and Keskin, Derin and Zhang, Guanglan and Chitkushev, Lou and Brusic, Vladimir},
  booktitle={2019 IEEE International Conference on Bioinformatics and Biomedicine (BIBM)},
  pages={2207--2213},
  year={2019},
  organization={IEEE}
}